<record><leader>00000cas a22000007a 4500</leader><controlfield tag="001">12441455</controlfield><controlfield tag="008">850830d19421946pauwr ne      0    0eng d</controlfield><datafield ind1=" " ind2=" " tag="010"><subfield code="a">sn 85054812 </subfield></datafield><datafield ind1=" " ind2=" " tag="040"><subfield code="a">NPH</subfield><subfield code="b">eng</subfield><subfield code="c">NPH</subfield><subfield code="d">DLC</subfield><subfield code="d">OCLCQ</subfield></datafield><datafield ind1=" " ind2=" " tag="042"><subfield code="a">msc</subfield></datafield><datafield ind1="0" ind2=" " tag="130"><subfield code="a">Gettysburg times (Gettysburg, Pa. : 1942)</subfield></datafield><datafield ind1="1" ind2="0" tag="245"><subfield code="a">Gettysburg times.</subfield></datafield><datafield ind1=" " ind2=" " tag="250"><subfield code="a">Service ed. for the men and women of Adams County.</subfield></datafield><datafield ind1=" " ind2=" " tag="260"><subfield code="a">Gettysburg, Pa. :</subfield><subfield code="b">Times and News Pub. Co.,</subfield><subfield code="c">1942-1946.</subfield></datafield><datafield ind1=" " ind2=" " tag="300"><subfield code="a">4 v. :</subfield><subfield code="b">ill.</subfield></datafield><datafield ind1=" " ind2=" " tag="310"><subfield code="a">Weekly</subfield></datafield><datafield ind1="0" ind2=" " tag="362"><subfield code="a">Vol. 1, no. 1 (Oct. 30, 1942)-v. 4, no. 18 (Feb. 22, 1946).</subfield></datafield><datafield ind1=" " ind2=" " tag="580"><subfield code="a">Issued also in a daily ed. under the same title.</subfield></datafield><datafield ind1=" " ind2=" " tag="752"><subfield code="a">United States</subfield><subfield code="b">Pennsylvania</subfield><subfield code="c">Adams</subfield><subfield code="d">Gettysburg.</subfield></datafield><datafield ind1="1" ind2=" " tag="775"><subfield code="t">Gettysburg times</subfield><subfield code="w">(DLC)sn 85054803</subfield><subfield code="w">(OCoLC)12443209</subfield></datafield></record>